
@book{Muller.1998,
 author = {M{\"u}ller, Max},
 year = {1998},
 title = {{L}anger aber dennoch spannender {T}itel},
 address = {Berlin},
 publisher = {Beispielverlag}
}

